
@article{cascalheiraandbicho2013,
	title = {Hunter–gatherer ecodynamics and the impact of the Heinrich event 2 in Central and Southern Portugal},
	volume = {318},
	pages = {117--127},
	journaltitle = {Quaternary International},
	author = {Cascalheira, João and Bicho, Nuno},
	date = {2013},
	file = {Full Text:C\:\\Users\\Valentine\\Zotero\\storage\\4MCHWQCP\\pubag.nal.usda.gov.html:text/html;Snapshot:C\:\\Users\\Valentine\\Zotero\\storage\\EWS75D7A\\S1040618213003029.html:text/html}
}

@incollection{almeida2006,
	title = {Looking for names and missing the point. The case of the Portuguese “Aurignacian V” in the framework of definitions of the Aurignacian},
	volume = {45},
	pages = {71--92},
	booktitle = {Towards a Definition of the Aurignacian},
	publisher = {Instituto Português de arqueologia Lisbon},
	author = {Almeida, {FRANCISCO}},
	date = {2006},
	file = {Full Text:C\:\\Users\\Valentine\\Zotero\\storage\\Z5QL9GB4\\Almeida - 2006 - Looking for names and missing the point. The case .pdf:application/pdf}
}

@article{zilhaoetal1995,
	title = {La pointe de Vale Comprido et les origines du Solutréen},
	volume = {99},
	pages = {125--142},
	number = {1},
	journaltitle = {L’Anthropologie},
	author = {{ZILHÃO}, Jo5o and Aubry, Thierry},
	date = {1995},
	file = {Full Text:C\:\\Users\\Valentine\\Zotero\\storage\\VQGP7R4Y\\ZILHÃO and Aubry - 1995 - La pointe de Vale Comprido et les origines du Solu.pdf:application/pdf}
}

@article{aubryetal2011,
	title = {Palaeoenvironmental forcing during the Middle–Upper Palaeolithic transition in central-western Portugal},
	volume = {75},
	pages = {66--79},
	number = {1},
	journaltitle = {Quaternary research},
	author = {Aubry, Thierry and Dimuccio, Luca A. and Almeida, Miguel and Neves, Maria J. and Angelucci, Diego E. and Cunha, Lúcio},
	date = {2011},
	file = {Full Text:C\:\\Users\\Valentine\\Zotero\\storage\\F3P45S6B\\Aubry et al. - 2011 - Palaeoenvironmental forcing during the Middle–Uppe.pdf:application/pdf;Snapshot:C\:\\Users\\Valentine\\Zotero\\storage\\79EV5S2A\\16FC599214A0D505216C5878A54DB9A4.html:text/html}
}

@article{zilhao2013,
	title = {Seeing the leaves and not missing the forest: a portuguese perspective of the Solutrean},
	shorttitle = {Seeing the leaves and not missing the forest},
	pages = {201--2016},
	journaltitle = {Pleistocene foragers on the Iberian Peninsula: Their culture and environment. Festschrift in honour of Gerd-Christian Weniger for his sixtieth birthday},
	author = {Zilhão, João},
	date = {2013},
	file = {Full Text:C\:\\Users\\Valentine\\Zotero\\storage\\LJGBFIFF\\Zilhão - 2013 - Seeing the leaves and not missing the forest a po.pdf:application/pdf;Snapshot:C\:\\Users\\Valentine\\Zotero\\storage\\IRK5RVZK\\31143.html:text/html}
}

@book{zilhao1997,
	title = {O Paleolítico Superior da Estremadura portuguesa, volume I},
	isbn = {978-972-8288-50-1},
	author = {Zilhão, João},
	date = {1997-07-01},
	file = {Full Text PDF:C\:\\Users\\Valentine\\Zotero\\storage\\9KPG76Q5\\Zilhão - 1997 - O Paleolítico Superior da Estremadura portuguesa, .pdf:application/pdf}
}

@book{zilhao1997b,
	title = {O Paleolítico Superior da Estremadura portuguesa, volume {II}},
	isbn = {978-972-8288-50-1},
	author = {Zilhão, João},
	date = {1997-07-01},
	file = {Full Text PDF:C\:\\Users\\Valentine\\Zotero\\storage\\6FRZ4KL8\\Zilhão - 1997 - O Paleolítico Superior da Estremadura portuguesa, .pdf:application/pdf}
}

@article{renard2011,
	title = {Continuity or discontinuity in the Late Glacial Maximum of south-western Europe: the formation of the Solutrean in France},
	volume = {43},
	shorttitle = {Continuity or discontinuity in the Late Glacial Maximum of south-western Europe},
	pages = {726--743},
	number = {4},
	journaltitle = {World Archaeology},
	author = {Renard, Caroline},
	date = {2011},
	file = {Full Text:C\:\\Users\\Valentine\\Zotero\\storage\\BN3467DY\\00438243.2011.html:text/html;Snapshot:C\:\\Users\\Valentine\\Zotero\\storage\\BSQY4H4P\\00438243.2011.html:text/html}
}

@article{zilhao1994,
	title = {La séquence chrono–stratigraphique du Solutréen portugais},
	volume = {1},
	pages = {119--129},
	journaltitle = {Férvedes},
	shortjournal = {Férvedes},
	author = {Zilhão, João},
	date = {1994-01-01},
	file = {Full Text PDF:C\:\\Users\\Valentine\\Zotero\\storage\\VJXKYL8P\\Zilhão - 1994 - La séquence chrono–stratigraphique du Solutréen po.pdf:application/pdf}
}

@incollection{thacker1996,
	title = {Hunter-gatherer lithic economy and settlement systems},
	pages = {101--124},
	booktitle = {Stone Tools},
	publisher = {Springer},
	author = {Thacker, Paul T.},
	date = {1996},
	file = {Snapshot:C\:\\Users\\Valentine\\Zotero\\storage\\PIV3A6JE\\978-1-4899-0173-6_5.html:text/html}
}

@thesis{almeida2000,
	title = {The Terminal Gravettian of Portuguese Estremadura. Technological variability of the lithic industries.},
	type = {phdthesis},
	author = {Almeida, Francisco},
	date = {2000},
	doi = {10.13140/RG.2.2.23479.32169},
	file = {Full Text PDF:C\:\\Users\\Valentine\\Zotero\\storage\\WB4CJA7N\\Almeida - 2000 - The Terminal Gravettian of Portuguese Estremadura..pdf:application/pdf}
}

@article{zilhaoetal1999,
	title = {Un modèle technologique pour le passage du Gravettien au Solutréen dans le sud-ouest de l’Europe},
	pages = {165--183},
	journaltitle = {Les faciès leptolithiques du nord-ouest méditerranéen: milieux naturels et culturels. Actes du {XXIVe} Congrès Préhistorique de France (Carcassonne 1994)},
	author = {Zilhão, Joiio and Aubry, Thierry and Almeida, Francisco},
	date = {1999},
	file = {Full Text:C\:\\Users\\Valentine\\Zotero\\storage\\GLX7PTMS\\Zilhão et al. - 1999 - Un modèle technologique pour le passage du Gravett.pdf:application/pdf}
}

@article{zilhao2000,
	title = {Nature and culture in Portugal from 30,000 to 20,000 {BP}},
	volume = {30},
	pages = {337--354},
	journaltitle = {Hunters of the Golden Age: The Mid-Upper Paleolithic of Eurasia},
	author = {Zilhão, J.},
	date = {2000}
}

@article{zilhao1996,
	title = {Le Paléolithique supérieur du Portugal. Bilan quinquennal},
	volume = {2001},
	pages = {161--171},
	journaltitle = {Le Paléolithique supérieur européen. Bilan quinquennal},
	author = {Zilhão, J.},
	date = {1996}
}

@article{bicho2013,
	title = {Human's best friends–dogs… and fire!},
	volume = {7},
	pages = {217e235},
	journaltitle = {Pleistocene Foragers on the Iberian Peninsula: Their Culture and Environment, Papers in Honour of Gerd-Christian Weniger for his sixtieth birthday. Wiseenschaftliche Schriften des Neanderthal Museums},
	author = {Bicho, N.},
	date = {2013}
}

@book{holling2002,
	title = {Panarchy: understanding transformations in human and natural systems},
	shorttitle = {Panarchy},
	publisher = {Washington, {DC}: Island Press},
	author = {Holling, Crawford Stanley and Gunderson, Lance H.},
	date = {2002},
	file = {Snapshot:C\:\\Users\\Valentine\\Zotero\\storage\\SF24X4BK\\65531.html:text/html}
}

@article{bradtmoller2012,
	title = {The repeated replacement model–rapid climate change and population dynamics in Late Pleistocene Europe},
	volume = {247},
	pages = {38--49},
	journaltitle = {Quaternary International},
	author = {Bradtmöller, Marcel and Pastoors, Andreas and Weninger, Bernhard and Weniger, Gerd-Christian},
	date = {2012},
	file = {Full Text:C\:\\Users\\Valentine\\Zotero\\storage\\58EFH4UC\\Bradtmöller et al. - 2012 - The repeated replacement model–rapid climate chang.pdf:application/pdf;Snapshot:C\:\\Users\\Valentine\\Zotero\\storage\\4RDPW3YK\\S1040618210004039.html:text/html}
}

@inproceedings{brugal2007,
	title = {Dynamic of large mammalian associations in the Pleistocene of Portugal},
	author = {Brugal, Jean-Philip and Valente, Maria João},
	date = {2007},
	file = {Snapshot:C\:\\Users\\Valentine\\Zotero\\storage\\L6VXCTWT\\halshs-00158287.html:text/html}
}

@article{carrion2010,
	title = {Olea europaea L. in the north Mediterranean Basin during the Pleniglacial and the Early–Middle Holocene},
	volume = {29},
	pages = {952--968},
	number = {7},
	journaltitle = {Quaternary Science Reviews},
	author = {Carrión, Yolanda and Ntinou, Maria and Badal, Ernestina},
	date = {2010},
	file = {Full Text:C\:\\Users\\Valentine\\Zotero\\storage\\VTJMVEV8\\Carrión et al. - 2010 - Olea europaea L. in the north Mediterranean Basin .pdf:application/pdf;Snapshot:C\:\\Users\\Valentine\\Zotero\\storage\\MWCF8FBX\\S027737910900434X.html:text/html}
}

@article{clark2009,
	title = {The last glacial maximum},
	volume = {325},
	pages = {710--714},
	number = {5941},
	journaltitle = {science},
	author = {Clark, Peter U. and Dyke, Arthur S. and Shakun, Jeremy D. and Carlson, Anders E. and Clark, Jorie and Wohlfarth, Barbara and Mitrovica, Jerry X. and Hostetler, Steven W. and {McCabe}, A. Marshall},
	date = {2009},
	file = {Full Text:C\:\\Users\\Valentine\\Zotero\\storage\\WJVCXNDF\\Clark et al. - 2009 - The last glacial maximum.pdf:application/pdf;Snapshot:C\:\\Users\\Valentine\\Zotero\\storage\\5TKUL9VH\\710.html:text/html}
}

@article{elliot2001,
	title = {Coherent patterns of ice-rafted debris deposits in the Nordic regions during the last glacial (10–60 ka)},
	volume = {194},
	pages = {151--163},
	number = {1},
	journaltitle = {Earth and Planetary Science Letters},
	author = {Elliot, Mary and Labeyrie, Laurent and Dokken, Trond and Manthé, Sandrine},
	date = {2001},
	file = {Full Text:C\:\\Users\\Valentine\\Zotero\\storage\\SIVAVFQQ\\Elliot et al. - 2001 - Coherent patterns of ice-rafted debris deposits in.pdf:application/pdf;Snapshot:C\:\\Users\\Valentine\\Zotero\\storage\\S557SRBV\\S0012821X01005611.html:text/html}
}

@article{fletcher2008,
	title = {Orbital-and sub-orbital-scale climate impacts on vegetation of the western Mediterranean basin over the last 48,000 yr},
	volume = {70},
	pages = {451--464},
	number = {3},
	journaltitle = {Quaternary Research},
	author = {Fletcher, William J. and Goñi, Maria Fernanda Sánchez},
	date = {2008},
	file = {Full Text:C\:\\Users\\Valentine\\Zotero\\storage\\DXXSSFDP\\Fletcher and Goñi - 2008 - Orbital-and sub-orbital-scale climate impacts on v.pdf:application/pdf;Snapshot:C\:\\Users\\Valentine\\Zotero\\storage\\A9JPUMXW\\228F2B11A480ADE72A701FC9FCA7D220.html:text/html}
}

@article{schmidt2012,
	title = {Rapid climate change and variability of settlement patterns in Iberia during the Late Pleistocene},
	volume = {274},
	pages = {179--204},
	journaltitle = {Quaternary International},
	author = {Schmidt, Isabell and Bradtmöller, Marcel and Kehl, Martin and Pastoors, Andreas and Tafelmaier, Yvonne and Weninger, Bernhard and Weniger, Gerd-Christian},
	date = {2012},
	file = {Full Text:C\:\\Users\\Valentine\\Zotero\\storage\\IUNEBYSJ\\Schmidt et al. - 2012 - Rapid climate change and variability of settlement.pdf:application/pdf;Snapshot:C\:\\Users\\Valentine\\Zotero\\storage\\DJWLR9ZE\\S104061821200033X.html:text/html}
}

@book{carvalho2008,
	title = {A neolitização do Portugal meridional. Os exemplos do Maciço Calcário Estremenho e do Algarve ocidental},
	abstract = {A neolitização do Portugal meridional. Os exemplos do Maciço Calcário Estremenho e do Algarve ocidental},
	author = {Carvalho, António Faustino},
	date = {2008},
	file = {Snapshot:C\:\\Users\\Valentine\\Zotero\\storage\\QJ8BI7EG\\A_neolitização_do_Portugal_meridional.html:text/html}
}

@incollection{gomez2007,
	title = {Refugia within refugia: patterns of phylogeographic concordance in the Iberian Peninsula},
	shorttitle = {Refugia within refugia},
	pages = {155--188},
	booktitle = {Phylogeography of southern European refugia},
	publisher = {Springer},
	author = {Gómez, Africa and Lunt, David H.},
	date = {2007},
	file = {Full Text:C\:\\Users\\Valentine\\Zotero\\storage\\ZRBHPEIU\\Gómez and Lunt - 2007 - Refugia within refugia patterns of phylogeographi.pdf:application/pdf;Snapshot:C\:\\Users\\Valentine\\Zotero\\storage\\3V3J3BWF\\1-4020-4904-8_5.html:text/html}
}

@article{gonzalez-samperiz2010,
	title = {Steppes, savannahs, forests and phytodiversity reservoirs during the Pleistocene in the Iberian Peninsula},
	volume = {162},
	pages = {427--457},
	number = {3},
	journaltitle = {Review of Palaeobotany and Palynology},
	author = {González-Sampériz, Penélope and Leroy, Suzanne {AG} and Carrión, José S. and Fernández, Santiago and García-Antón, Mercedes and Gil-García, María José and Uzquiano, Paloma and Valero-Garcés, Blas and Figueiral, Isabel},
	date = {2010},
	file = {Full Text:C\:\\Users\\Valentine\\Zotero\\storage\\KXFET9ID\\González-Sampériz et al. - 2010 - Steppes, savannahs, forests and phytodiversity res.pdf:application/pdf;Snapshot:C\:\\Users\\Valentine\\Zotero\\storage\\LAQ4TSED\\S0034666710000722.html:text/html}
}

@article{heinrich1988,
	title = {Origin and consequences of cyclic ice rafting in the northeast Atlantic Ocean during the past 130,000 years},
	volume = {29},
	pages = {142--152},
	number = {2},
	journaltitle = {Quaternary research},
	author = {Heinrich, Hartmut},
	date = {1988},
	file = {Full Text:C\:\\Users\\Valentine\\Zotero\\storage\\XQHCCT96\\Heinrich - 1988 - Origin and consequences of cyclic ice rafting in t.pdf:application/pdf;Snapshot:C\:\\Users\\Valentine\\Zotero\\storage\\BC2YZRK8\\4F38BE7643FFAB17EB2214C3A5E124FA.html:text/html}
}

@article{lambeck2002,
	title = {Into and out of the Last Glacial Maximum: sea-level change during Oxygen Isotope Stages 3 and 2},
	volume = {21},
	shorttitle = {Into and out of the Last Glacial Maximum},
	pages = {343--360},
	number = {1},
	journaltitle = {Quaternary Science Reviews},
	author = {Lambeck, Kurt and Yokoyama, Yusuke and Purcell, Tony},
	date = {2002},
	file = {Full Text:C\:\\Users\\Valentine\\Zotero\\storage\\CZRFULKX\\Lambeck et al. - 2002 - Into and out of the Last Glacial Maximum sea-leve.pdf:application/pdf;Snapshot:C\:\\Users\\Valentine\\Zotero\\storage\\TBCPYBUU\\S0277379101000713.html:text/html}
}

@article{mix2001,
	title = {Environmental processes of the ice age: land, oceans, glaciers ({EPILOG})},
	volume = {20},
	shorttitle = {Environmental processes of the ice age},
	pages = {627--657},
	number = {4},
	journaltitle = {Quaternary Science Reviews},
	author = {Mix, Alan C. and Bard, Edouard and Schneider, Ralph},
	date = {2001},
	file = {Full Text:C\:\\Users\\Valentine\\Zotero\\storage\\UEEHLH6P\\Mix et al. - 2001 - Environmental processes of the ice age land, ocea.pdf:application/pdf;Snapshot:C\:\\Users\\Valentine\\Zotero\\storage\\EQCIDBCM\\S0277379100001451.html:text/html}
}

@article{moreno2002,
	title = {Climatic and oceanographic changes in the Northeast Atlantic reflected by magnetic properties of sediments deposited on the Portuguese Margin during the last 340 ka},
	volume = {202},
	pages = {465--480},
	number = {2},
	journaltitle = {Earth and Planetary Science Letters},
	author = {Moreno, Eva and Thouveny, Nicolas and Delanghe, Doriane and {McCave}, I. Nick and Shackleton, Nick J.},
	date = {2002},
	file = {Snapshot:C\:\\Users\\Valentine\\Zotero\\storage\\IH8K88K5\\S0012821X02007872.html:text/html}
}

@article{naughton2007,
	title = {Present-day and past (last 25 000 years) marine pollen signal off western Iberia},
	volume = {62},
	pages = {91--114},
	number = {2},
	journaltitle = {Marine Micropaleontology},
	author = {Naughton, F. and Goñi, {MF} Sanchez and Desprat, S. and Turon, J.-L. and Duprat, J. and Malaizé, B. and Joli, C. and Cortijo, E. and Drago, T. and Freitas, M. C.},
	date = {2007},
	file = {Full Text:C\:\\Users\\Valentine\\Zotero\\storage\\GYRPF5NK\\Naughton et al. - 2007 - Present-day and past (last 25 000 years) marine po.pdf:application/pdf;Snapshot:C\:\\Users\\Valentine\\Zotero\\storage\\AHCT6T95\\S037783980600123X.html:text/html}
}

@article{naughton2016,
	title = {Climate variability across the last deglaciation in {NW} Iberia and its margin},
	volume = {414},
	pages = {9--22},
	journaltitle = {Quaternary International},
	author = {Naughton, Filipa and Goñi, {MF} Sanchez and Rodrigues, Teresa and Salgueiro, Emília and Costas, Susana and Desprat, Stéphanie and Duprat, J. and Michel, E. and Rossignol, L. and Zaragosi, S.},
	date = {2016},
	file = {Full Text:C\:\\Users\\Valentine\\Zotero\\storage\\EQ5PJ6UR\\Naughton et al. - 2016 - Climate variability across the last deglaciation i.pdf:application/pdf;Snapshot:C\:\\Users\\Valentine\\Zotero\\storage\\8K39P76N\\S1040618215008514.html:text/html}
}

@article{salgueiro2014,
	title = {Past circulation along the western Iberian margin: a time slice vision from the Last Glacial to the Holocene},
	volume = {106},
	shorttitle = {Past circulation along the western Iberian margin},
	pages = {316--329},
	journaltitle = {Quaternary Science Reviews},
	author = {Salgueiro, Emília and Naughton, Filipa and Voelker, Antje Helga Luise and de Abreu, Lucia and Alberto, Ana and Rossignol, Linda and Duprat, Josette and Magalhães, Vitor H. and Vaqueiro, Sandra and Turon, J.-L.},
	date = {2014},
	file = {Full Text:C\:\\Users\\Valentine\\Zotero\\storage\\AAUGV5DR\\Salgueiro et al. - 2014 - Past circulation along the western Iberian margin.pdf:application/pdf;Snapshot:C\:\\Users\\Valentine\\Zotero\\storage\\ZPHI5EDP\\S0277379114003424.html:text/html}
}

@inproceedings{goni2005,
	title = {La historia de la vegetación y el clima del último ciclo climático ({OIS}5-{OIS}1, 140.000-10.000 {BP}) en la Península Ibérica y su posible impacto sobre los grupos paleolíticos},
	pages = {115--129},
	booktitle = {Neandertales cantábricos, estado de la cuestión: actas de la reunión científica: celebrada en el Museo de Altamira los días 20-22 de octubre de 2004},
	publisher = {Subdirección General de Publicaciones, Información y Documentación},
	author = {Goñi, M. Fernanda Sánchez and D'Errico, Francesco},
	date = {2005},
	file = {Snapshot:C\:\\Users\\Valentine\\Zotero\\storage\\VKK4X4AS\\articulo.html:text/html}
}

@article{goni2000,
	title = {European climatic response to millennial-scale changes in the atmosphere–ocean system during the Last Glacial period},
	volume = {54},
	pages = {394--403},
	number = {3},
	journaltitle = {Quaternary Research},
	author = {Goñi, Marı́a Fernanda Sánchez and Turon, Jean-Louis and Eynaud, Frédérique and Gendreau, Sandra},
	date = {2000},
	file = {Snapshot:C\:\\Users\\Valentine\\Zotero\\storage\\6MGFZMBC\\576DB6EF96D6923ED701B117C5939CD0.html:text/html}
}

@article{belmiro2017,
	title = {O início do Último Máximo Glacial no sul de Portugal: novos dados a partir do sítio arqueológico de Vale Boi.},
	journaltitle = {Proceedings of the 2nd Conference of Associação dos Arqueólogos Portugueses},
	author = {Belmiro, Joana and Cascalheira, João and Bicho, Nuno},
	pubstate = {2017}
}

@article{sanchez-goni2010,
	title = {Millennial-scale climate variability and vegetation changes during the Last Glacial: Concepts and terminology},
	volume = {29},
	shorttitle = {Millennial-scale climate variability and vegetation changes during the Last Glacial},
	pages = {2823--2827},
	number = {21},
	journaltitle = {Quaternary Science Reviews},
	author = {Sanchez Goñi, Maria Fernanda and Harrison, Sandy P.},
	date = {2010},
	file = {Snapshot:C\:\\Users\\Valentine\\Zotero\\storage\\FC5H4SJ9\\35882.html:text/html}
}

@article{turon2003,
	title = {Land–sea correlations for the last glaciation inferred from a pollen and dinocyst record from the Portuguese margin},
	volume = {59},
	pages = {88--96},
	number = {1},
	journaltitle = {Quaternary Research},
	author = {Turon, Jean-Louis and Lézine, Anne-Marie and Denèfle, Michelle},
	date = {2003},
	file = {Snapshot:C\:\\Users\\Valentine\\Zotero\\storage\\INYSUXWV\\D5B67AFAB1982DFE8C1BF507B936D01F.html:text/html}
}

@article{walker2006,
	title = {A handful of heuristics and some propositions for understanding resilience in social-ecological systems},
	volume = {11},
	number = {1},
	journaltitle = {Ecology and society},
	author = {Walker, Brian and Gunderson, Lance and Kinzig, Ann and Folke, Carl and Carpenter, Steve and Schultz, Lisen},
	date = {2006},
	file = {Full Text:C\:\\Users\\Valentine\\Zotero\\storage\\KW2J4MW6\\main.html:text/html;Snapshot:C\:\\Users\\Valentine\\Zotero\\storage\\PZAYKD2E\\26267801.html:text/html}
}

@article{bicho2003,
	title = {Preliminary results from the Upper Paleolithic site of Vale Boi, southwestern Portugal},
	pages = {51--66},
	number = {5},
	journaltitle = {Journal of Iberian Archaeology},
	author = {Bicho, Nuno and Correia, Jorge and Stiner, Mary and Ferring, C. Reid and Lindly, John},
	date = {2003},
	file = {Snapshot:C\:\\Users\\Valentine\\Zotero\\storage\\DLYBVWCC\\articulo.html:text/html}
}

@article{bichoetal2010,
	title = {Le paléolithique supérieur au sud du Portugal: le site de Vale Boi},
	volume = {114},
	shorttitle = {Le paléolithique supérieur au sud du Portugal},
	pages = {48--67},
	number = {1},
	journaltitle = {L'anthropologie},
	author = {Bicho, Nuno Ferreira and Gibaja, Juan Francisco and Stiner, Mary and Manne, Tiina},
	date = {2010},
	file = {Full Text:C\:\\Users\\Valentine\\Zotero\\storage\\WUMHEURH\\Bicho et al. - 2010 - Le paléolithique supérieur au sud du Portugal le .pdf:application/pdf;Snapshot:C\:\\Users\\Valentine\\Zotero\\storage\\FIKRZS8A\\S0003552110000038.html:text/html}
}

@article{bichoetal2012,
	title = {On the (l) edge: the case of Vale Boi rockshelter (Algarve, Southern Portugal)},
	shorttitle = {On the (l) edge},
	pages = {65--81},
	journaltitle = {Caves in context. The economical, social and ritual importance of caves and rockshelters},
	author = {Bicho, N. and Cascalheira, J. and Marreiros, J.},
	date = {2012}
}

@article{cascalheiraetal2008,
	title = {As intervenções arqueológicas de 2006 e 2007 no sítio Paleolítico de Vale Boi},
	pages = {23--35},
	journaltitle = {Actas do 5º Encontro de Arqueologia do Algarve},
	author = {Cascalheira, J. and Marreiros, J. and Bicho, N.},
	date = {2008}
}

@article{cascalheira2013,
	title = {A influência mediterrânica nas redes sociais do Solutrense final peninsular},
	author = {Cascalheira, João Miguel Mico},
	date = {2013},
	file = {Full Text:C\:\\Users\\Valentine\\Zotero\\storage\\3TZIM8AZ\\Cascalheira - 2013 - A influência mediterrânica nas redes sociais do So.pdf:application/pdf;Snapshot:C\:\\Users\\Valentine\\Zotero\\storage\\5D46AE9R\\6717.html:text/html}
}

@article{clarke2000,
	title = {The nature of heat coma in Littorina littorea (Mollusca: Gastropoda)},
	volume = {137},
	shorttitle = {The nature of heat coma in Littorina littorea (Mollusca},
	pages = {447--451},
	number = {3},
	journaltitle = {Marine Biology},
	author = {Clarke, A. P. and Mill, P. J. and Grahame, J.},
	date = {2000},
	file = {Full Text:C\:\\Users\\Valentine\\Zotero\\storage\\2M79AMCG\\Clarke et al. - 2000 - The nature of heat coma in Littorina littorea (Mol.pdf:application/pdf;Snapshot:C\:\\Users\\Valentine\\Zotero\\storage\\EGVP37KE\\s002270000367.html:text/html}
}

@article{bicho1992,
	title = {Technological change in the final Upper Paleolithic of Rio Maior, Portuguese Estremadura.},
	author = {Bicho, Nuno Goncalo Ferreira},
	date = {1992},
	file = {Snapshot:C\:\\Users\\Valentine\\Zotero\\storage\\Z8KW32JR\\item.html:text/html}
}

@article{dibble2008,
	title = {Non-anthropological approaches to understanding lithic artifact and assemblage variability},
	pages = {85--107},
	journaltitle = {Archaeological concepts for the study of the cultural past. The University of Utah Press, Salt Lake City},
	author = {Dibble, {HAROLD} L.},
	date = {2008}
}

@article{scerri2014,
	title = {Unexpected technological heterogeneity in northern Arabia indicates complex Late Pleistocene demography at the gateway to Asia},
	volume = {75},
	pages = {125--142},
	journaltitle = {Journal of human evolution},
	author = {Scerri, Eleanor {ML} and Groucutt, Huw S. and Jennings, Richard P. and Petraglia, Michael D.},
	date = {2014},
	file = {Full Text:C\:\\Users\\Valentine\\Zotero\\storage\\W6QCWTWV\\Scerri et al. - 2014 - Unexpected technological heterogeneity in northern.pdf:application/pdf;Snapshot:C\:\\Users\\Valentine\\Zotero\\storage\\K6AV49D4\\S0047248414001614.html:text/html}
}

@thesis{marreiros2009,
	title = {As primeiras comunidades do Homem moderno no Algarve Ocidental: Caracterização paleotecnológica e paleoetnográfica das comunidades gravetenses e proto-solutrenses de Vale Boi (Algarve, Portugal)},
	shorttitle = {As primeiras comunidades do Homem moderno no Algarve Ocidental},
	type = {phdthesis},
	author = {Marreiros, João Manuel F.},
	date = {2009},
	file = {Full Text:C\:\\Users\\Valentine\\Zotero\\storage\\XFZBAYSG\\Marreiros - 2009 - As primeiras comunidades do Homem moderno no Algar.pdf:application/pdf;Snapshot:C\:\\Users\\Valentine\\Zotero\\storage\\8JIEUCJB\\314.html:text/html}
}

@book{oliveira1984,
	title = {Carta geológica de Portugal escala 1/200 000: notícia explicativa da folha 7},
	shorttitle = {Carta geológica de Portugal escala 1/200 000},
	publisher = {Direcc̜ão-Geral de Geologia e Minas, Servic̜os Geológicos de Portugal},
	author = {Oliveira, José Tomás},
	date = {1984}
}

@article{murphy1979,
	title = {A comparative study of the freezing tolerances of the marine snails Littorina littorea (L.) and Nassarius obsoletus (Say)},
	volume = {52},
	pages = {219--230},
	number = {2},
	journaltitle = {Physiological Zoology},
	author = {Murphy, Dennis J.},
	date = {1979},
	file = {Snapshot:C\:\\Users\\Valentine\\Zotero\\storage\\ZS8VZU9X\\physzool.52.2.html:text/html}
}

@article{brantingham2001,
	title = {Constraints on Levallois core technology: a mathematical model},
	volume = {28},
	shorttitle = {Constraints on Levallois core technology},
	pages = {747--761},
	number = {7},
	journaltitle = {Journal of Archaeological Science},
	author = {Brantingham, P. Jeffrey and Kuhn, Steven L.},
	date = {2001},
	file = {Full Text:C\:\\Users\\Valentine\\Zotero\\storage\\IY3IQXHE\\Brantingham and Kuhn - 2001 - Constraints on Levallois core technology a mathem.pdf:application/pdf;Snapshot:C\:\\Users\\Valentine\\Zotero\\storage\\SJMIT8R4\\S0305440300905946.html:text/html}
}

@article{dibble2009,
	title = {Introducing a new experimental design for controlled studies of flake formation: results for exterior platform angle, platform depth, angle of blow, velocity, and force},
	volume = {36},
	shorttitle = {Introducing a new experimental design for controlled studies of flake formation},
	pages = {1945--1954},
	number = {9},
	journaltitle = {Journal of Archaeological Science},
	author = {Dibble, Harold L. and Rezek, Zeljko},
	date = {2009},
	file = {Full Text:C\:\\Users\\Valentine\\Zotero\\storage\\IK9G36JM\\Dibble and Rezek - 2009 - Introducing a new experimental design for controll.pdf:application/pdf;Snapshot:C\:\\Users\\Valentine\\Zotero\\storage\\M4GXVG38\\S0305440309001630.html:text/html}
}

@book{beardsell2013,
	title = {Mass and attribute analysis of the quartz lithic assemblage from the Grandfather Quarry ({HbMd}-4), near Granville Lake, Northern Manitoba},
	publisher = {University of Manitoba (Canada)},
	author = {Beardsell, Robert J.},
	date = {2013},
	file = {Snapshot:C\:\\Users\\Valentine\\Zotero\\storage\\Z6736P9C\\1.html:text/html}
}

@article{foley2003,
	title = {On stony ground: lithic technology, human evolution, and the emergence of culture},
	volume = {12},
	shorttitle = {On stony ground},
	pages = {109--122},
	number = {3},
	journaltitle = {Evolutionary Anthropology: Issues, News, and Reviews: Issues, News, and Reviews},
	author = {Foley, Robert and Lahr, Marta Mirazón},
	date = {2003},
	file = {Snapshot:C\:\\Users\\Valentine\\Zotero\\storage\\9CDT2CAF\\evan.html:text/html}
}

@article{leader2017,
	title = {The effects of platform beveling on flake variation},
	volume = {16},
	pages = {213--223},
	journaltitle = {Journal of Archaeological Science: Reports},
	author = {Leader, George and Abdolahzadeh, Aylar and Lin, Sam C. and Dibble, Harold L.},
	date = {2017},
	file = {Full Text:C\:\\Users\\Valentine\\Zotero\\storage\\CESXZKKJ\\Leader et al. - 2017 - The effects of platform beveling on flake variatio.pdf:application/pdf;Snapshot:C\:\\Users\\Valentine\\Zotero\\storage\\4KCWMTZU\\S2352409X17301803.html:text/html}
}

@article{perles1992,
	title = {In search of lithic strategies: a cognitive approach to prehistoric chipped stone assemblages},
	shorttitle = {In search of lithic strategies},
	pages = {223--247},
	journaltitle = {Representations in archaeology},
	author = {Perlès, Catherine},
	date = {1992}
}

@article{holling2001,
	title = {Understanding the complexity of economic, ecological, and social systems},
	volume = {4},
	pages = {390--405},
	number = {5},
	journaltitle = {Ecosystems},
	author = {Holling, Crawford S.},
	date = {2001},
	file = {Full Text:C\:\\Users\\Valentine\\Zotero\\storage\\6CV6CNER\\Holling - 2001 - Understanding the complexity of economic, ecologic.pdf:application/pdf;Snapshot:C\:\\Users\\Valentine\\Zotero\\storage\\JPQ47H55\\s10021-001-0101-5.html:text/html}
}

@article{benedettietal2019,
	title = {Late Pleistocene site formation and paleoclimate at Lapa do Picareiro, Portugal},
	volume = {34},
	pages = {698--726},
	number = {6},
	journaltitle = {Geoarchaeology},
	author = {Benedetti, Michael M. and Haws, Jonathan A. and Bicho, Nuno F. and Friedl, Lukas and Ellwood, Brooks B.},
	date = {2019},
	file = {Snapshot:C\:\\Users\\Valentine\\Zotero\\storage\\7AVRKWZR\\gea.html:text/html}
}

@article{bichoetal2000,
	title = {Hunter–gatherer subsistence at the end of the Pleistocene: preliminary results from Picareiro Cave, Central Portugal},
	volume = {74},
	shorttitle = {Hunter–gatherer subsistence at the end of the Pleistocene},
	pages = {500--506},
	number = {285},
	journaltitle = {Antiquity},
	author = {Bicho, Nuno Ferreira and Hockett, Bryan and Haws, Jonathan and Belcher, William},
	date = {2000},
	file = {Snapshot:C\:\\Users\\Valentine\\Zotero\\storage\\44X8774S\\15F23ABA54FF3C7F0168D4FCE69A837F.html:text/html}
}

@article{haws2004,
	title = {An investigation of late Upper Paleolithic and epipaleolithic hunter-gatherer subsistence and settlement patterns in central Portugal.},
	author = {Haws, Jonathan Adams},
	date = {2004},
	file = {Snapshot:C\:\\Users\\Valentine\\Zotero\\storage\\IJIW238V\\item.html:text/html}
}

@article{holst2017,
	title = {Late Magdalenian lithic technological organization at Lapa do Picareiro, central Portugal.},
	author = {Holst, Melissa Jean},
	date = {2017},
	file = {Full Text:C\:\\Users\\Valentine\\Zotero\\storage\\4IQYSV2Z\\Holst - 2017 - Late Magdalenian lithic technological organization.pdf:application/pdf}
}

@article{haws2012,
	title = {Paleolithic socionatural relationships during {MIS} 3 and 2 in central Portugal},
	volume = {264},
	pages = {61--77},
	journaltitle = {Quaternary International},
	author = {Haws, Jonathan A.},
	date = {2012},
	file = {Full Text:C\:\\Users\\Valentine\\Zotero\\storage\\IL7EDRBQ\\Haws - 2012 - Paleolithic socionatural relationships during MIS .pdf:application/pdf;Snapshot:C\:\\Users\\Valentine\\Zotero\\storage\\F7B25N73\\S1040618211005763.html:text/html}
}

@article{bicho2006,
	title = {Two sides of the same coin—rocks, bones and site function of Picareiro Cave, central Portugal},
	volume = {25},
	pages = {485--499},
	number = {4},
	journaltitle = {Journal of Anthropological Archaeology},
	author = {Bicho, Nuno and Haws, Jonathan and Hockett, Bryan},
	date = {2006},
	file = {Full Text:C\:\\Users\\Valentine\\Zotero\\storage\\GATJHXS3\\Bicho et al. - 2006 - Two sides of the same coin—rocks, bones and site f.pdf:application/pdf;Snapshot:C\:\\Users\\Valentine\\Zotero\\storage\\J3H83PYP\\S0278416506000237.html:text/html}
}

@book{cascalheira2010,
	title = {Tecnologia lítica solutrense do Abrigo de Vale Boi (Vila do Bispo)},
	publisher = {{UNIARQ}},
	author = {Cascalheira, João},
	date = {2010},
	file = {Snapshot:C\:\\Users\\Valentine\\Zotero\\storage\\S8EXXMPA\\9860.html:text/html}
}

@book{roche1971,
	title = {Le climat et les faunes du Paléolithique moyen et supérieur de la province d'Estremadura},
	author = {Roche, Jean},
	date = {1971}
}

@article{roche1977,
	title = {{QUELQUES} {INDICATIONS} {SUR} {LE} {MILIEU} {DE} {LA} {PROVINCE} D'{ESTREMODURA} ({PORTUGAL}) {AU} {PLEISTOCENE} {FINAL}.},
	author = {Roche, J.},
	date = {1977},
	file = {Snapshot:C\:\\Users\\Valentine\\Zotero\\storage\\MQDWVIB5\\index.html:text/html}
}

@article{dibble1997,
	title = {Platform variability and flake morphology: a comparison of experimental and archaeological data and implications for interpreting prehistoric lithic technological strategies},
	volume = {22},
	shorttitle = {Platform variability and flake morphology},
	pages = {150--170},
	number = {2},
	journaltitle = {Lithic technology},
	author = {Dibble, Harold L.},
	date = {1997},
	file = {Full Text:C\:\\Users\\Valentine\\Zotero\\storage\\JUA6IG6L\\Dibble - 1997 - Platform variability and flake morphology a compa.pdf:application/pdf}
}

@book{frost2019,
	title = {Essentials of igneous and metamorphic petrology},
	publisher = {Cambridge University Press},
	author = {Frost, B. Ronald and Frost, Carol D.},
	date = {2019},
	file = {Full Text:C\:\\Users\\Valentine\\Zotero\\storage\\MBVW9D2W\\Frost and Frost - 2019 - Essentials of igneous and metamorphic petrology.pdf:application/pdf;Snapshot:C\:\\Users\\Valentine\\Zotero\\storage\\UPEW9ZM7\\books.html:text/html}
}

@book{haldar2013,
	title = {Introduction to mineralogy and petrology},
	publisher = {Elsevier},
	author = {Haldar, Swapan Kumar},
	date = {2013},
	file = {Snapshot:C\:\\Users\\Valentine\\Zotero\\storage\\K6GTFQFC\\books.html:text/html}
}

@article{verissimo2004,
	title = {Jazidas siliciosas da região de Vila do Bispo (Algarve)},
	pages = {33--47},
	number = {2},
	journaltitle = {Promontoria, Revista do Departamento de História, Arqueologia e Património da Universidade do Algarve},
	author = {Veríssimo, Hugo},
	date = {2004},
	file = {Full Text:C\:\\Users\\Valentine\\Zotero\\storage\\3P9CLGNW\\Veríssimo - 2004 - Jazidas siliciosas da região de Vila do Bispo (Alg.pdf:application/pdf;Snapshot:C\:\\Users\\Valentine\\Zotero\\storage\\FB5NA4BG\\7469.html:text/html}
}

@article{allen2014,
	title = {Panarchy: theory and application},
	volume = {17},
	shorttitle = {Panarchy},
	pages = {578--589},
	number = {4},
	journaltitle = {Ecosystems},
	author = {Allen, Craig R. and Angeler, David G. and Garmestani, Ahjond S. and Gunderson, Lance H. and Holling, Crawford Stanley},
	date = {2014},
	file = {Full Text:C\:\\Users\\Valentine\\Zotero\\storage\\SHRQ37CS\\s10021-013-9744-2.html:text/html}
}

@article{andrefsky1994,
	title = {Raw-material availability and the organization of technology},
	volume = {59},
	pages = {21--34},
	number = {1},
	journaltitle = {American antiquity},
	author = {Andrefsky, William},
	date = {1994},
	file = {Full Text:C\:\\Users\\Valentine\\Zotero\\storage\\TRSFVFV8\\Andrefsky - 1994 - Raw-material availability and the organization of .pdf:application/pdf;Snapshot:C\:\\Users\\Valentine\\Zotero\\storage\\NBB48HUK\\F28587044675AEF2E25F43B4E104D042.html:text/html}
}

@article{carvalho2018,
	title = {Jointing patterns and tectonic evolution of the Maciço Calcário Estremenho, Lusitanian Basin, Portugal},
	volume = {110},
	pages = {155--171},
	journaltitle = {Journal of Structural Geology},
	author = {Carvalho, Jorge {MF}},
	date = {2018},
	file = {Snapshot:C\:\\Users\\Valentine\\Zotero\\storage\\TU3GUTNB\\S0191814118301342.html:text/html}
}

@article{pereira2013,
	title = {A model for raw material management as a response to local and global environmental constraints},
	volume = {318},
	pages = {19--32},
	journaltitle = {Quaternary International},
	author = {Pereira, Telmo and Benedetti, Michael M.},
	date = {2013},
	file = {Full Text:C\:\\Users\\Valentine\\Zotero\\storage\\HBUQ4X2F\\Pereira and Benedetti - 2013 - A model for raw material management as a response .pdf:application/pdf;Snapshot:C\:\\Users\\Valentine\\Zotero\\storage\\9I883J8P\\S1040618213002140.html:text/html}
}

@thesis{belmiro2018,
	location = {Faro},
	title = {A ocupação Proto-Solutrense de Vale Boi: novas evidências a partir da indústria lítica},
	pagetotal = {66},
	institution = {Universidade do Algarve},
	type = {phdthesis},
	author = {Belmiro, Joana},
	date = {2018}
}

@article{kempson2011,
	title = {A review of rock studies for archaeologists, and an analysis of dolerite and hornfels from the Sibudu area, {KwaZulu}-Natal},
	volume = {23},
	pages = {87--107},
	number = {1},
	journaltitle = {Southern African Humanities},
	author = {Kempson, Helen and Wadley, Lyn},
	date = {2011},
	file = {Full Text:C\:\\Users\\Valentine\\Zotero\\storage\\B5X243GM\\Kempson and Wadley - 2011 - A review of rock studies for archaeologists, and a.pdf:application/pdf;Snapshot:C\:\\Users\\Valentine\\Zotero\\storage\\LUHLHU68\\art00005.html:text/html}
}

@article{hallinan2015,
	title = {A new Middle Stone Age industry in the Tanwka Karoo, Northern Cape Province, South Africa},
	volume = {89},
	pages = {344},
	journaltitle = {Antiquity Project Gallery},
	author = {Hallinan, Emily and Shaw, Matthew},
	date = {2015},
	file = {Full Text:C\:\\Users\\Valentine\\Zotero\\storage\\8TAUIDMR\\Hallinan and Shaw - 2015 - A new Middle Stone Age industry in the Tanwka Karo.pdf:application/pdf;Snapshot:C\:\\Users\\Valentine\\Zotero\\storage\\BR7A8DG4\\hallinan344.html:text/html}
}

@book{tostevin2012,
	title = {Seeing lithics: a middle-range theory for testing for cultural transmission in the Pleistocene},
	shorttitle = {Seeing lithics},
	publisher = {American School of Prehistoric Research Monograph Series, Peabody Museum …},
	author = {Tostevin, Gilbert B.},
	date = {2012},
	file = {Snapshot:C\:\\Users\\Valentine\\Zotero\\storage\\ZM9JZTWT\\seeing-lithics-a-middle-range-theory-for-testing-for-cultural-tra.html:text/html}
}

@article{marwick2018,
	title = {Packaging data analytical work reproducibly using R (and friends)},
	volume = {72},
	pages = {80--88},
	number = {1},
	journaltitle = {The American Statistician},
	author = {Marwick, Ben and Boettiger, Carl and Mullen, Lincoln},
	date = {2018},
	file = {Full Text:C\:\\Users\\Valentine\\Zotero\\storage\\RRSP46EP\\00031305.2017.html:text/html;Snapshot:C\:\\Users\\Valentine\\Zotero\\storage\\FNNYPYBC\\00031305.2017.html:text/html}
}

@article{boessenkool2001,
	title = {North Atlantic sea-surface temperature changes and the climate of western Iberia during the last deglaciation; a marine palynological approach},
	volume = {30},
	pages = {33--39},
	number = {1},
	journaltitle = {Global and Planetary Change},
	author = {Boessenkool, Karin P. and Brinkhuis, Henk and Schönfeld, Joachim and Targarona, Jordi},
	date = {2001},
	file = {Snapshot:C\:\\Users\\Valentine\\Zotero\\storage\\LTB9TCYI\\S0921818101000753.html:text/html}
}

@article{marwick2017,
	title = {Computational reproducibility in archaeological research: Basic principles and a case study of their implementation},
	volume = {24},
	shorttitle = {Computational reproducibility in archaeological research},
	pages = {424--450},
	number = {2},
	journaltitle = {Journal of Archaeological Method and Theory},
	author = {Marwick, Ben},
	date = {2017},
	file = {Full Text:C\:\\Users\\Valentine\\Zotero\\storage\\FNREUE79\\s10816-015-9272-9.html:text/html}
}

@book{andrefsky1998,
	title = {Lithics},
	publisher = {Cambridge University Press},
	author = {Andrefsky, William and Andrefsky Jr, William},
	date = {1998},
	file = {Snapshot:C\:\\Users\\Valentine\\Zotero\\storage\\LAVWILP9\\books.html:text/html}
}

@book{bicho2011,
	title = {Manual de arqueologia pré-histórica},
	author = {Bicho, Nuno Ferreira and Jorge},
	date = {2011}
}

@article{debenath1994,
	title = {Handbook of Paleolithic Typology, Vol. 1},
	journaltitle = {University of Pennsylvania, Philadelphia},
	author = {Debénath, André and Dibble, Harold L.},
	date = {1994}
}

@article{inizan1999,
	title = {Technology and terminology of knapped stone},
	pages = {189},
	journaltitle = {Crep, Nanterre},
	author = {Inizan, Marie-Louise and Reduron-Ballinger, Michèle and Roche, Hélène and Tixier, Jacques},
	date = {1999}
}

@article{sonneville-bordes1956,
	title = {Lexique typologique du Paléolithique supérieur},
	volume = {53},
	pages = {547--559},
	number = {9},
	journaltitle = {Bulletin de la Société préhistorique française},
	author = {Sonneville-Bordes, De and Perrot, Jean},
	date = {1956},
	file = {Full Text:C\:\\Users\\Valentine\\Zotero\\storage\\2YQ7I666\\bspf_0249-7638_1956_num_53_9_3374.html:text/html}
}

@article{brezillon1968,
	title = {La dénomination des objets de pierre taillée},
	author = {Brézillon, Michel N.},
	date = {1968},
	file = {Snapshot:C\:\\Users\\Valentine\\Zotero\\storage\\6EP3W47S\\109423.html:text/html}
}

@article{tixier1980,
	title = {Préhistoire de la pierre taillée. 1. Terminologie et technologie},
	author = {Tixier, Jacques and Inizian, Marie-Louise},
	date = {1980},
	file = {Snapshot:C\:\\Users\\Valentine\\Zotero\\storage\\WS3EJ9LY\\detail.html:text/html}
}

@article{tixier1963,
	title = {Typologie de l'Epipaléolithique du Maghreb, Mémoires du Centre de Recherches Anthropologiques},
	journaltitle = {Préhistoriques et Ethnographiques d’Alger. Arts et Métiers Graphiques, Paris},
	author = {Tixier, J.},
	date = {1963}
}

@article{linetal2013,
	title = {On the utility and economization of unretouched flakes: the effects of exterior platform angle and platform depth},
	volume = {78},
	shorttitle = {On the utility and economization of unretouched flakes},
	pages = {724--745},
	number = {4},
	journaltitle = {American Antiquity},
	author = {Lin, Sam C. and Rezek, Zeljko and Braun, David and Dibble, Harold L.},
	date = {2013},
	file = {Full Text:C\:\\Users\\Valentine\\Zotero\\storage\\WI9R6V2H\\Lin et al. - 2013 - On the utility and economization of unretouched fl.pdf:application/pdf;Snapshot:C\:\\Users\\Valentine\\Zotero\\storage\\K8AVGX3N\\E89EE8CCC13F63AF7D67C94F8502098E.html:text/html}
}

@article{cascalheira2019,
	title = {Territoriality and the organization of technology during the Last Glacial Maximum in southwestern Europe},
	volume = {14},
	number = {12},
	journaltitle = {{PloS} one},
	author = {Cascalheira, João},
	date = {2019},
	file = {Full Text:C\:\\Users\\Valentine\\Zotero\\storage\\AHWH2W4A\\Cascalheira - 2019 - Territoriality and the organization of technology .pdf:application/pdf}
}